[gd_scene load_steps=8 format=2]

[ext_resource path="res://StonePlatform.tscn" type="PackedScene" id=1]
[ext_resource path="res://BlueShip.tscn" type="PackedScene" id=2]

[sub_resource type="StreamTexture" id=1]
flags = 4
load_path = "res://.import/stone.png-53bde1a7bc7aaa1c46111452ff1f72a0.stex"

[sub_resource type="AnimatedTexture" id=2]

[sub_resource type="StreamTexture" id=3]
flags = 4
load_path = "res://.import/playerShip1_green.png-d82fb112e0bdb5aaad91c0742cab056f.stex"

[sub_resource type="StreamTexture" id=4]
flags = 4
load_path = "res://.import/playerShip1_green.png-d82fb112e0bdb5aaad91c0742cab056f.stex"

[sub_resource type="StreamTexture" id=5]
flags = 4
load_path = "res://.import/playerShip1_green.png-d82fb112e0bdb5aaad91c0742cab056f.stex"

[node name="Main" type="Node"]

[node name="PlatformBlue" type="Node2D" parent="."]
position = Vector2( 35, 565 )

[node name="StonePlatform" parent="PlatformBlue" instance=ExtResource( 1 )]
position = Vector2( 454.667, -2 )

[node name="StonePlatform5" parent="PlatformBlue" instance=ExtResource( 1 )]
position = Vector2( 131.333, -159.333 )

[node name="CollisionShape2D" parent="PlatformBlue/StonePlatform5" index="1"]
disabled = true

[node name="StonePlatform3" parent="PlatformBlue" instance=ExtResource( 1 )]
position = Vector2( 842.667, -204 )

[node name="StonePlatform7" parent="PlatformBlue" instance=ExtResource( 1 )]
position = Vector2( 519.333, -361.333 )

[node name="Sprite" parent="PlatformBlue/StonePlatform7" index="0"]
texture = SubResource( 1 )

[node name="CollisionShape2D" parent="PlatformBlue/StonePlatform7" index="1"]
disabled = true

[node name="StonePlatform2" parent="PlatformBlue" instance=ExtResource( 1 )]
position = Vector2( 382, -142.667 )

[node name="StonePlatform6" parent="PlatformBlue" instance=ExtResource( 1 )]
position = Vector2( 58.6668, -300 )

[node name="StonePlatform4" parent="PlatformBlue" instance=ExtResource( 1 )]
position = Vector2( 770, -344.667 )

[node name="StonePlatform8" parent="PlatformBlue" instance=ExtResource( 1 )]
position = Vector2( 446.667, -502 )

[node name="BlueShip" parent="." instance=ExtResource( 2 )]
editor/display_folded = true
position = Vector2( 786.701, 159.234 )
mass = 0.102041
can_sleep = false

[node name="Sprite" parent="BlueShip" index="0"]
position = Vector2( -642, 284.333 )
scale = Vector2( 0.557292, 0.56901 )
texture = SubResource( 2 )

[node name="BlueShip37" parent="." instance=ExtResource( 2 )]
position = Vector2( 773.368, -334.099 )
mass = 0.102041
can_sleep = false

[node name="BlueShip19" parent="." instance=ExtResource( 2 )]
position = Vector2( 206.034, -382.099 )
mass = 0.102041
can_sleep = false

[node name="BlueShip47" parent="." instance=ExtResource( 2 )]
position = Vector2( 491.368, -893.433 )
mass = 0.102041
can_sleep = false

[node name="BlueShip10" parent="." instance=ExtResource( 2 )]
editor/display_folded = true
position = Vector2( 611.368, 145.234 )
mass = 0.102041
can_sleep = false

[node name="BlueShip53" parent="." instance=ExtResource( 2 )]
position = Vector2( 896.701, -366.099 )
mass = 0.102041
can_sleep = false

[node name="BlueShip28" parent="." instance=ExtResource( 2 )]
position = Vector2( 329.368, -414.099 )
mass = 0.102041
can_sleep = false

[node name="BlueShip63" parent="." instance=ExtResource( 2 )]
position = Vector2( 614.701, -925.433 )
mass = 0.102041
can_sleep = false

[node name="BlueShip6" parent="." instance=ExtResource( 2 )]
position = Vector2( 786.034, -161.432 )
mass = 0.102041
can_sleep = false

[node name="BlueShip39" parent="." instance=ExtResource( 2 )]
position = Vector2( 1071.37, -672.766 )
mass = 0.102041
can_sleep = false

[node name="BlueShip21" parent="." instance=ExtResource( 2 )]
position = Vector2( 504.034, -720.766 )
mass = 0.102041
can_sleep = false

[node name="BlueShip59" parent="." instance=ExtResource( 2 )]
editor/display_folded = true
position = Vector2( 789.368, -1232.1 )
mass = 0.102041
can_sleep = false

[node name="Sprite" parent="BlueShip59" index="0"]
texture = SubResource( 3 )

[node name="BlueShip12" parent="." instance=ExtResource( 2 )]
position = Vector2( 352.034, 187.234 )
mass = 0.102041
can_sleep = false

[node name="BlueShip43" parent="." instance=ExtResource( 2 )]
position = Vector2( 637.368, -324.099 )
mass = 0.102041
can_sleep = false

[node name="BlueShip24" parent="." instance=ExtResource( 2 )]
position = Vector2( 70.0343, -372.099 )
mass = 0.102041
can_sleep = false

[node name="BlueShip50" parent="." instance=ExtResource( 2 )]
position = Vector2( 355.368, -883.433 )
mass = 0.102041
can_sleep = false

[node name="BlueShip3" parent="." instance=ExtResource( 2 )]
position = Vector2( 620.034, -114.766 )
mass = 0.102041
can_sleep = false

[node name="BlueShip33" parent="." instance=ExtResource( 2 )]
position = Vector2( 905.368, -626.099 )
mass = 0.102041
can_sleep = false

[node name="BlueShip17" parent="." instance=ExtResource( 2 )]
position = Vector2( 338.034, -674.099 )
mass = 0.102041
can_sleep = false

[node name="BlueShip36" parent="." instance=ExtResource( 2 )]
position = Vector2( 623.368, -1185.43 )
mass = 0.102041
can_sleep = false

[node name="BlueShip9" parent="." instance=ExtResource( 2 )]
position = Vector2( 688.701, -356.099 )
mass = 0.102041
can_sleep = false

[node name="BlueShip52" parent="." instance=ExtResource( 2 )]
position = Vector2( 974.034, -867.433 )
mass = 0.102041
can_sleep = false

[node name="BlueShip27" parent="." instance=ExtResource( 2 )]
position = Vector2( 406.701, -915.433 )
mass = 0.102041
can_sleep = false

[node name="BlueShip42" parent="." instance=ExtResource( 2 )]
position = Vector2( 692.034, -1426.77 )
mass = 0.102041
can_sleep = false

[node name="BlueShip5" parent="." instance=ExtResource( 2 )]
editor/display_folded = true
position = Vector2( 544.034, 49.901 )
mass = 0.102041
can_sleep = false

[node name="Sprite" parent="BlueShip5" index="0"]
texture = SubResource( 4 )

[node name="BlueShip38" parent="." instance=ExtResource( 2 )]
position = Vector2( 829.368, -461.432 )
mass = 0.102041
can_sleep = false

[node name="BlueShip20" parent="." instance=ExtResource( 2 )]
position = Vector2( 262.034, -509.432 )
mass = 0.102041
can_sleep = false

[node name="BlueShip56" parent="." instance=ExtResource( 2 )]
position = Vector2( 547.368, -1020.77 )
mass = 0.102041
can_sleep = false

[node name="BlueShip11" parent="." instance=ExtResource( 2 )]
position = Vector2( 667.368, 17.901 )
mass = 0.102041
can_sleep = false

[node name="BlueShip44" parent="." instance=ExtResource( 2 )]
position = Vector2( 952.701, -493.432 )
mass = 0.102041
can_sleep = false

[node name="BlueShip25" parent="." instance=ExtResource( 2 )]
position = Vector2( 385.368, -541.432 )
mass = 0.102041
can_sleep = false

[node name="BlueShip35" parent="." instance=ExtResource( 2 )]
position = Vector2( 670.701, -1052.77 )
mass = 0.102041
can_sleep = false

[node name="BlueShip2" parent="." instance=ExtResource( 2 )]
editor/display_folded = true
position = Vector2( 488.701, 489.901 )
mass = 0.102041
can_sleep = false

[node name="BlueShip54" parent="." instance=ExtResource( 2 )]
position = Vector2( 774.034, -21.4324 )
mass = 0.102041
can_sleep = false

[node name="BlueShip29" parent="." instance=ExtResource( 2 )]
position = Vector2( 206.701, -69.4325 )
mass = 0.102041
can_sleep = false

[node name="BlueShip64" parent="." instance=ExtResource( 2 )]
position = Vector2( 492.034, -580.766 )
mass = 0.102041
can_sleep = false

[node name="BlueShip15" parent="." instance=ExtResource( 2 )]
position = Vector2( 612.034, 457.901 )
mass = 0.102041
can_sleep = false

[node name="BlueShip34" parent="." instance=ExtResource( 2 )]
position = Vector2( 897.368, -53.4324 )
mass = 0.102041
can_sleep = false

[node name="BlueShip18" parent="." instance=ExtResource( 2 )]
position = Vector2( 330.034, -101.432 )
mass = 0.102041
can_sleep = false

[node name="BlueShip48" parent="." instance=ExtResource( 2 )]
position = Vector2( 615.368, -612.766 )
mass = 0.102041
can_sleep = false

[node name="BlueShip7" parent="." instance=ExtResource( 2 )]
position = Vector2( 864.034, -313.432 )
mass = 0.102041
can_sleep = false

[node name="BlueShip40" parent="." instance=ExtResource( 2 )]
position = Vector2( 1149.37, -824.766 )
mass = 0.102041
can_sleep = false

[node name="BlueShip22" parent="." instance=ExtResource( 2 )]
position = Vector2( 582.034, -872.766 )
mass = 0.102041
can_sleep = false

[node name="BlueShip49" parent="." instance=ExtResource( 2 )]
position = Vector2( 867.368, -1384.1 )
mass = 0.102041
can_sleep = false

[node name="BlueShip13" parent="." instance=ExtResource( 2 )]
position = Vector2( 913.368, -436.099 )
mass = 0.102041
can_sleep = false

[node name="BlueShip62" parent="." instance=ExtResource( 2 )]
position = Vector2( 1198.7, -947.432 )
mass = 0.102041
can_sleep = false

[node name="BlueShip32" parent="." instance=ExtResource( 2 )]
position = Vector2( 631.368, -995.432 )
mass = 0.102041
can_sleep = false

[node name="BlueShip57" parent="." instance=ExtResource( 2 )]
position = Vector2( 916.701, -1506.77 )
mass = 0.102041
can_sleep = false

[node name="BlueShip4" parent="." instance=ExtResource( 2 )]
position = Vector2( 596.034, -494.766 )
mass = 0.102041
can_sleep = false

[node name="BlueShip55" parent="." instance=ExtResource( 2 )]
position = Vector2( 881.368, -1006.1 )
mass = 0.102041
can_sleep = false

[node name="BlueShip30" parent="." instance=ExtResource( 2 )]
position = Vector2( 314.034, -1054.1 )
mass = 0.102041
can_sleep = false

[node name="BlueShip45" parent="." instance=ExtResource( 2 )]
position = Vector2( 599.368, -1565.43 )
mass = 0.102041
can_sleep = false

[node name="BlueShip16" parent="." instance=ExtResource( 2 )]
position = Vector2( 772.701, -553.432 )
mass = 0.102041
can_sleep = false

[node name="BlueShip46" parent="." instance=ExtResource( 2 )]
position = Vector2( 1058.03, -1064.77 )
mass = 0.102041
can_sleep = false

[node name="BlueShip26" parent="." instance=ExtResource( 2 )]
position = Vector2( 490.701, -1112.77 )
mass = 0.102041
can_sleep = false

[node name="BlueShip51" parent="." instance=ExtResource( 2 )]
position = Vector2( 776.034, -1624.1 )
mass = 0.102041
can_sleep = false

[node name="BlueShip8" parent="." instance=ExtResource( 2 )]
editor/display_folded = true
position = Vector2( 544.701, 361.901 )
mass = 0.102041
can_sleep = false

[node name="Sprite" parent="BlueShip8" index="0"]
texture = SubResource( 5 )

[node name="BlueShip41" parent="." instance=ExtResource( 2 )]
position = Vector2( 830.034, -148.766 )
mass = 0.102041
can_sleep = false

[node name="BlueShip23" parent="." instance=ExtResource( 2 )]
position = Vector2( 262.701, -196.766 )
mass = 0.102041
can_sleep = false

[node name="BlueShip58" parent="." instance=ExtResource( 2 )]
position = Vector2( 548.034, -708.099 )
mass = 0.102041
can_sleep = false

[node name="BlueShip14" parent="." instance=ExtResource( 2 )]
position = Vector2( 668.034, 330.568 )
mass = 0.102041
can_sleep = false

[node name="BlueShip60" parent="." instance=ExtResource( 2 )]
position = Vector2( 953.368, -180.766 )
mass = 0.102041
can_sleep = false

[node name="BlueShip31" parent="." instance=ExtResource( 2 )]
position = Vector2( 386.034, -228.766 )
mass = 0.102041
can_sleep = false

[node name="BlueShip61" parent="." instance=ExtResource( 2 )]
position = Vector2( 671.368, -740.099 )
mass = 0.102041
can_sleep = false

[editable path="PlatformBlue/StonePlatform5"]

[editable path="PlatformBlue/StonePlatform7"]

[editable path="BlueShip"]

[editable path="BlueShip10"]

[editable path="BlueShip59"]

[editable path="BlueShip5"]

[editable path="BlueShip2"]

[editable path="BlueShip8"]
